<?xml version="1.0" encoding="UTF-8" ?><collection><record><leader>     cim a22004091i 4500</leader><controlfield tag="006">m|||||o||h||||||||</controlfield><controlfield tag="007">cr ||a||||||||</controlfield><controlfield tag="007">sr |||||||||ed</controlfield><controlfield tag="008">      s        nz ||nn o      ||   eng  </controlfield><datafield tag="040" ind1="" ind2=""><subfield code="a">Nz</subfield><subfield code="b">eng</subfield><subfield code="e">rda</subfield><subfield code="c">Nz</subfield></datafield><datafield tag="042" ind1="" ind2=""><subfield code="a">nznb</subfield></datafield><datafield tag="043" ind1="" ind2=""><subfield code="a">u-nz---</subfield></datafield><datafield tag="100" ind1="1" ind2=""><subfield code="a">Cook, Phil,</subfield><subfield code="d">1979-</subfield><subfield code="e">author.</subfield></datafield><datafield tag="245" ind1="1" ind2="0"><subfield code="a">&lt;title - information following episode no.&gt;</subfield></datafield><datafield tag="264" ind1="" ind2="1"><subfield code="a">[Wellington] :</subfield><subfield code="b">[Phil Cook],</subfield><subfield code="c">[&lt;year&gt;]</subfield></datafield><datafield tag="300" ind1="" ind2=""><subfield code="a">1 online resource (1 audio file)</subfield></datafield><datafield tag="336" ind1="" ind2=""><subfield code="a">spoken word</subfield><subfield code="2">rdacontent</subfield></datafield><datafield tag="337" ind1="" ind2=""><subfield code="a">computer</subfield><subfield code="2">rdamedia</subfield></datafield><datafield tag="338" ind1="" ind2=""><subfield code="a">online resource</subfield><subfield code="2">rdacarrier</subfield></datafield><datafield tag="344" ind1="" ind2=""><subfield code="a">digital</subfield><subfield code="2">rda</subfield></datafield><datafield tag="490" ind1="1" ind2=""><subfield code="a">Beer diary podcast,</subfield><subfield code="x">[2624-1544] ;</subfield><subfield code="v">&lt;number&gt;</subfield></datafield><datafield tag="500" ind1="" ind2=""><subfield code="a">Converted from audio files to streaming audio format.</subfield><subfield code="5">Nz</subfield></datafield><datafield tag="520" ind1="" ind2=""><subfield code="a">"&lt;summary from column C&gt;"--RSS feed.</subfield></datafield><datafield tag="540" ind1="" ind2=""><subfield code="a">Licensed under Creative Commons Attribution-NonCommercial-ShareAlike 3.0 New Zealand (CC BY-NC-SA 3.0 NZ)</subfield><subfield code="u">https://creativecommons.org/licenses/by-nc-sa/3.0/nz/</subfield></datafield><datafield tag="650" ind1="" ind2="0"><subfield code="a">Beer.</subfield></datafield><datafield tag="588" ind1="" ind2=""><subfield code="a">Record automatically derived from RSS feed.</subfield><subfield code="5">Nz</subfield></datafield><datafield tag="655" ind1="" ind2="7"><subfield code="a">Podcasts.</subfield><subfield code="2">lcgft</subfield></datafield><datafield tag="700" ind1="1" ind2=""><subfield code="a">Langlands, George,</subfield><subfield code="e">author.</subfield></datafield><datafield tag="800" ind1="1" ind2=""><subfield code="a">Cook, Phil,</subfield><subfield code="d">1979-</subfield><subfield code="t">Beer diary podcast ;</subfield><subfield code="v">&lt;number&gt;.</subfield></datafield><datafield tag="856" ind1="4" ind2="0"><subfield code="u">&lt;insert URL from column G&gt;</subfield></datafield><datafield tag="856" ind1="4" ind2="2"><subfield code="3">File host</subfield><subfield code="u">&lt;insert page URL&gt;</subfield></datafield><datafield tag="901" ind1="" ind2=""><subfield code="a">MGR</subfield></datafield></record></collection>